<?xml version="1.0" encoding="UTF-8"?>
<record xmlns="http://www.loc.gov/MARC21/slim" xmlns:xsi="http://www.w3.org/2001/XMLSchema-instance" xsi:schemaLocation="http://www.loc.gov/MARC21/slim http://www.loc.gov/standards/marcxml/schema/MARC21slim.xsd">
<leader>00000cam a22        4500</leader>
<controlfield tag="001">001677684</controlfield>
<controlfield tag="003">NNU</controlfield>
<controlfield tag="005">20150709155028.0</controlfield>
<controlfield tag="008">851105s1925    ua bcfh       000 0 ara d</controlfield>
<datafield tag="010" ind1=" " ind2=" ">
<subfield code="a">   60035202</subfield>
</datafield>
<datafield tag="035" ind1=" " ind2=" ">
<subfield code="a">(OCoLC)476969034</subfield>
</datafield>
<datafield tag="040" ind1=" " ind2=" ">
<subfield code="a">N15</subfield>
<subfield code="b">eng</subfield>
<subfield code="c">N15</subfield>
<subfield code="d">OCLCF</subfield>
<subfield code="d">OCLCO</subfield>
<subfield code="d">NNU</subfield>
</datafield>
<datafield tag="043" ind1=" " ind2=" ">
<subfield code="a">a-su---</subfield>
</datafield>
<datafield tag="050" ind1=" " ind2="4">
<subfield code="a">BP187.3</subfield>
<subfield code="b">.I3 1925</subfield>
</datafield>
<datafield tag="100" ind1="1" ind2=" ">
<subfield code="a">Rifʻat, Ibrāhīm,</subfield>
<subfield code="d">1857-1935</subfield>
<subfield code="6">880-01</subfield>
</datafield>
<datafield tag="245" ind1="1" ind2="0">
<subfield code="6">880-02</subfield>
<subfield code="a">Mirʼāt al-Ḥaramayn,</subfield>
<subfield code="b">Aw al-Riḥlat al-Ḥijāzīyah wa-al-Ḥajj wa-Mashāʻiruhu al-Dīnīyah, Maḥallāt bi-Miʼāt al-Ṣuwar al-Shamsīyah. Taʼlīf: wa Rasm:</subfield>
<subfield code="c">Ibrahīm Rifʻat. al-Tabʻah al-ʼUlá.</subfield>
</datafield>
<datafield tag="260" ind1=" " ind2=" ">
<subfield code="6">880-03</subfield>
<subfield code="a">al-Qāhirah :</subfield>
<subfield code="b">Maṭbaʻat Dār al-Kutub al-Miṣrīyah,</subfield>
<subfield code="c">1925.</subfield>
</datafield>
<datafield tag="300" ind1=" " ind2=" ">
<subfield code="a">2 v.</subfield>
<subfield code="b">plates, ports., maps, facsims, (part col.)</subfield>
<subfield code="c">26 cm.</subfield>
</datafield>
<datafield tag="650" ind1=" " ind2="0">
<subfield code="a">Pilgrims and pilgrimages</subfield>
<subfield code="z">Saudi Arabia</subfield>
<subfield code="z">Mecca.</subfield>
</datafield>
<datafield tag="650" ind1=" " ind2="7">
<subfield code="a">Pilgrims and pilgrimages.</subfield>
<subfield code="2">fast</subfield>
<subfield code="0">(OCoLC)fst01064066</subfield>
</datafield>
<datafield tag="651" ind1=" " ind2="7">
<subfield code="a">Saudi Arabia</subfield>
<subfield code="z">Mecca.</subfield>
<subfield code="2">fast</subfield>
<subfield code="0">(OCoLC)fst01204780</subfield>
</datafield>
<datafield tag="880" ind1="0" ind2=" ">
<subfield code="6">100-01/</subfield>
<subfield code="a">رفعت، ابراهيم،</subfield>
<subfield code="d">1857-1935.</subfield>
</datafield>
<datafield tag="880" ind1="1" ind2="0">
<subfield code="6">245-02/</subfield>
<subfield code="a">مرآه الحرمين،</subfield>
<subfield code="b">او الرحلة الحجازية والحج ومشاعره الدينية، محلات بمئات الصور الشمسية. تأليف: و رسم:</subfield>
<subfield code="c">ابرهيم رفعت. الطبعة الاولى.</subfield>
</datafield>
<datafield tag="880" ind1=" " ind2=" ">
<subfield code="6">260-03/</subfield>
<subfield code="a">القاهرة :</subfield>
<subfield code="b">مطبعة دار الكتب المصرية،</subfield>
<subfield code="c">1925.</subfield>
</datafield>
<datafield tag="OWN" ind1=" " ind2=" ">
<subfield code="a">GENERAL</subfield>
</datafield>
<datafield tag="AVA" ind1=" " ind2=" ">
<subfield code="a">NYU50</subfield>
<subfield code="b">BOBST</subfield>
<subfield code="c">Main Collection</subfield>
<subfield code="d">BP187.3 .R5</subfield>
<subfield code="e">unavailable</subfield>
<subfield code="t">Unavailable</subfield>
<subfield code="f">2</subfield>
<subfield code="g">2</subfield>
<subfield code="h">Y</subfield>
<subfield code="i">2</subfield>
<subfield code="j">MAIN</subfield>
<subfield code="k">0</subfield>
</datafield>
</record>
